@MastersThesis{kitcheckpoints,
  author  = {Nikolai Baudis},
  school  = {System Architecture Group, Karlsruhe Institute of Technology (KIT), Germany},
  title   = {Deduplicating Virtual Machine Checkpoints for Distributed System Simulation},
  year    = {2013},
  month   = nov # {2},
  type    = {Bachelor Thesis},
  comment = {Effektiv das, was ich machen soll},
  url     = {https://os.itec.kit.edu/downloads/ba_2013_baudis-nikolai_vm-checkpoints.pdf},
}

@Article{systemc,
  author   = {Monton, Màrius and Engblom, Jakob and Burton, Mark},
  journal  = {IEEE Transactions on Very Large Scale Integration (VLSI) Systems},
  title    = {Checkpointing for Virtual Platforms and SystemC-TLM},
  year     = {2013},
  number   = {1},
  pages    = {133-141},
  volume   = {21},
  doi      = {10.1109/TVLSI.2011.2181881},
  keywords = {Bridges;Kernel;Time domain analysis;Time varying systems;Synchronization;Checkpointing;Program processors;SystemC;system-level verification;transaction-level modeling;virtual prototyping},
}

@Manual{qemumemory,
  title        = {The memory API},
  organization = {The QEMU Project Developers},
  year         = {2024},
  url          = {https://www.qemu.org/docs/master/devel/memory.html},
}

@Misc{DMTCP,
  author        = {Rohan Garg and Komal Sodha and Gene Cooperman},
  title         = {A Generic Checkpoint-Restart Mechanism for Virtual Machines},
  year          = {2012},
  archiveprefix = {arXiv},
  comment       = {Ein Prozess-Checkpointer wurde umgebaut um QEMU zu checkpointen},
  eprint        = {1212.1787},
  primaryclass  = {cs.OS},
  url           = {https://arxiv.org/pdf/1212.1787},
}

@InProceedings{8360308,
  author    = {Souza, Abel and Vittorio Papadopoulos, Alessandro and Tomas, Luis and Gilbert, David and Tordsson, Johan},
  booktitle = {2018 IEEE International Conference on Cloud Engineering (IC2E)},
  title     = {Hybrid Adaptive Checkpointing for Virtual Machine Fault Tolerance},
  year      = {2018},
  pages     = {12-22},
  comment   = {Keine Ahnung ob das überhaupt was taugt},
  doi       = {10.1109/IC2E.2018.00023},
  keywords  = {Checkpointing;Fault tolerance;Fault tolerant systems;Servers;Hardware;Frequency synchronization;Support vector machines;Fault Tolerance;Resource Management;Checkpoint;COLO;Control Theory},
  url       = {https://ieeexplore.ieee.org/abstract/document/8360308},
}

@Comment{jabref-meta: databaseType:bibtex;}
